<record><leader>00000cas a22000007a 4500</leader><controlfield tag="001">11424309</controlfield><controlfield tag="008">841127d18761907nyuwr ne      0    0eng d</controlfield><controlfield tag="009">148</controlfield><datafield ind1=" " ind2=" " tag="010"><subfield code="a">sn 84035855 </subfield></datafield><datafield ind1=" " ind2=" " tag="040"><subfield code="a">NYG</subfield><subfield code="b">eng</subfield><subfield code="c">NYG</subfield><subfield code="d">NPX</subfield><subfield code="d">NYG</subfield><subfield code="d">NYS</subfield><subfield code="d">OCLCQ</subfield></datafield><datafield ind1="1" ind2=" " tag="029"><subfield code="a">AU@</subfield><subfield code="b">000020344810</subfield></datafield><datafield ind1=" " ind2=" " tag="042"><subfield code="a">msc</subfield></datafield><datafield ind1="0" ind2="4" tag="245"><subfield code="a">The Waverly free press.</subfield></datafield><datafield ind1=" " ind2=" " tag="260"><subfield code="a">Waverly, N.Y. :</subfield><subfield code="b">Jas. B. Bray,</subfield><subfield code="c">1876-1907.</subfield></datafield><datafield ind1=" " ind2=" " tag="300"><subfield code="a">v.</subfield></datafield><datafield ind1=" " ind2=" " tag="310"><subfield code="a">Weekly</subfield></datafield><datafield ind1="0" ind2=" " tag="362"><subfield code="a">Vol. 1, no. 1 (Nov. 22, 1876)-v. 40, no. 3 (Jan. 18, 1907) = whole no. 1-1991.</subfield></datafield><datafield ind1=" " ind2="4" tag="651"><subfield code="a">Waverly (N.Y.)</subfield><subfield code="v">Newspapers.</subfield></datafield><datafield ind1=" " ind2=" " tag="752"><subfield code="a">United States</subfield><subfield code="b">New York</subfield><subfield code="c">Tioga</subfield><subfield code="d">Waverly.</subfield></datafield><datafield ind1="0" ind2="0" tag="780"><subfield code="t">Waverly enterprise</subfield><subfield code="w">(DLC)sn 83031754</subfield></datafield><datafield ind1="0" ind2="7" tag="785"><subfield code="t">Tioga County record</subfield><subfield code="w">(DLC)sn 85026905</subfield><subfield code="w">(OCoLC)12732578</subfield></datafield><datafield ind1="0" ind2="7" tag="785"><subfield code="t">Waverly free press and Tioga County record</subfield><subfield code="w">(DLC)sn 89071313</subfield><subfield code="w">(OCoLC)19952914</subfield></datafield></record>